%YAML 1.1
%TAG !u! tag:unity3d.com,2011:
--- !u!1 &729789857
GameObject:
  m_ObjectHideFlags: 0
  m_CorrespondingSourceObject: {fileID: 0}
  m_PrefabInstance: {fileID: 0}
  m_PrefabAsset: {fileID: 0}
  serializedVersion: 6
  m_Component:
  - component: {fileID: 729789858}
  - component: {fileID: 729789861}
  - component: {fileID: 729789860}
  - component: {fileID: 729789859}
  m_Layer: 5
  m_Name: Canvas
  m_TagString: Untagged
  m_Icon: {fileID: 0}
  m_NavMeshLayer: 0
  m_StaticEditorFlags: 0
  m_IsActive: 0
--- !u!224 &729789858
RectTransform:
  m_ObjectHideFlags: 0
  m_CorrespondingSourceObject: {fileID: 0}
  m_PrefabInstance: {fileID: 0}
  m_PrefabAsset: {fileID: 0}
  m_GameObject: {fileID: 729789857}
  m_LocalRotation: {x: 0, y: 0, z: 0, w: 1}
  m_LocalPosition: {x: 0, y: 0, z: 0}
  m_LocalScale: {x: 0, y: 0, z: 0}
  m_Children:
  - {fileID: 1894644897}
  m_Father: {fileID: 8012518375918858647}
  m_RootOrder: 3
  m_LocalEulerAnglesHint: {x: 0, y: 0, z: 0}
  m_AnchorMin: {x: 0, y: 0}
  m_AnchorMax: {x: 0, y: 0}
  m_AnchoredPosition: {x: 0, y: 0}
  m_SizeDelta: {x: 0, y: 0}
  m_Pivot: {x: 0, y: 0}
--- !u!223 &729789861
Canvas:
  m_ObjectHideFlags: 0
  m_CorrespondingSourceObject: {fileID: 0}
  m_PrefabInstance: {fileID: 0}
  m_PrefabAsset: {fileID: 0}
  m_GameObject: {fileID: 729789857}
  m_Enabled: 1
  serializedVersion: 3
  m_RenderMode: 0
  m_Camera: {fileID: 0}
  m_PlaneDistance: 100
  m_PixelPerfect: 0
  m_ReceivesEvents: 1
  m_OverrideSorting: 0
  m_OverridePixelPerfect: 0
  m_SortingBucketNormalizedSize: 0
  m_AdditionalShaderChannelsFlag: 0
  m_SortingLayerID: 0
  m_SortingOrder: 0
  m_TargetDisplay: 0
--- !u!114 &729789860
MonoBehaviour:
  m_ObjectHideFlags: 0
  m_CorrespondingSourceObject: {fileID: 0}
  m_PrefabInstance: {fileID: 0}
  m_PrefabAsset: {fileID: 0}
  m_GameObject: {fileID: 729789857}
  m_Enabled: 1
  m_EditorHideFlags: 0
  m_Script: {fileID: 1980459831, guid: f70555f144d8491a825f0804e09c671c, type: 3}
  m_Name: 
  m_EditorClassIdentifier: 
  m_UiScaleMode: 0
  m_ReferencePixelsPerUnit: 100
  m_ScaleFactor: 1
  m_ReferenceResolution: {x: 800, y: 600}
  m_ScreenMatchMode: 0
  m_MatchWidthOrHeight: 0
  m_PhysicalUnit: 3
  m_FallbackScreenDPI: 96
  m_DefaultSpriteDPI: 96
  m_DynamicPixelsPerUnit: 1
--- !u!114 &729789859
MonoBehaviour:
  m_ObjectHideFlags: 0
  m_CorrespondingSourceObject: {fileID: 0}
  m_PrefabInstance: {fileID: 0}
  m_PrefabAsset: {fileID: 0}
  m_GameObject: {fileID: 729789857}
  m_Enabled: 1
  m_EditorHideFlags: 0
  m_Script: {fileID: 1301386320, guid: f70555f144d8491a825f0804e09c671c, type: 3}
  m_Name: 
  m_EditorClassIdentifier: 
  m_IgnoreReversedGraphics: 1
  m_BlockingObjects: 0
  m_BlockingMask:
    serializedVersion: 2
    m_Bits: 4294967295
--- !u!1 &1894644896
GameObject:
  m_ObjectHideFlags: 0
  m_CorrespondingSourceObject: {fileID: 0}
  m_PrefabInstance: {fileID: 0}
  m_PrefabAsset: {fileID: 0}
  serializedVersion: 6
  m_Component:
  - component: {fileID: 1894644897}
  - component: {fileID: 1894644899}
  - component: {fileID: 1894644898}
  m_Layer: 5
  m_Name: Panel
  m_TagString: Untagged
  m_Icon: {fileID: 0}
  m_NavMeshLayer: 0
  m_StaticEditorFlags: 0
  m_IsActive: 1
--- !u!224 &1894644897
RectTransform:
  m_ObjectHideFlags: 0
  m_CorrespondingSourceObject: {fileID: 0}
  m_PrefabInstance: {fileID: 0}
  m_PrefabAsset: {fileID: 0}
  m_GameObject: {fileID: 1894644896}
  m_LocalRotation: {x: 0, y: 0, z: 0, w: 1}
  m_LocalPosition: {x: 0, y: 0, z: 0}
  m_LocalScale: {x: 1, y: 1, z: 1}
  m_Children: []
  m_Father: {fileID: 729789858}
  m_RootOrder: 0
  m_LocalEulerAnglesHint: {x: 0, y: 0, z: 0}
  m_AnchorMin: {x: 0, y: 0}
  m_AnchorMax: {x: 1, y: 1}
  m_AnchoredPosition: {x: 0, y: 0}
  m_SizeDelta: {x: 0, y: 0}
  m_Pivot: {x: 0.5, y: 0.5}
--- !u!222 &1894644899
CanvasRenderer:
  m_ObjectHideFlags: 0
  m_CorrespondingSourceObject: {fileID: 0}
  m_PrefabInstance: {fileID: 0}
  m_PrefabAsset: {fileID: 0}
  m_GameObject: {fileID: 1894644896}
  m_CullTransparentMesh: 0
--- !u!114 &1894644898
MonoBehaviour:
  m_ObjectHideFlags: 0
  m_CorrespondingSourceObject: {fileID: 0}
  m_PrefabInstance: {fileID: 0}
  m_PrefabAsset: {fileID: 0}
  m_GameObject: {fileID: 1894644896}
  m_Enabled: 1
  m_EditorHideFlags: 0
  m_Script: {fileID: -765806418, guid: f70555f144d8491a825f0804e09c671c, type: 3}
  m_Name: 
  m_EditorClassIdentifier: 
  m_Material: {fileID: 0}
  m_Color: {r: 0, g: 0, b: 0, a: 0}
  m_RaycastTarget: 1
  m_OnCullStateChanged:
    m_PersistentCalls:
      m_Calls: []
    m_TypeName: UnityEngine.UI.MaskableGraphic+CullStateChangedEvent, UnityEngine.UI,
      Version=1.0.0.0, Culture=neutral, PublicKeyToken=null
  m_Sprite: {fileID: 0}
  m_Type: 1
  m_PreserveAspect: 0
  m_FillCenter: 1
  m_FillMethod: 4
  m_FillAmount: 1
  m_FillClockwise: 1
  m_FillOrigin: 0
  m_UseSpriteMesh: 0
--- !u!1 &2010044748517055566
GameObject:
  m_ObjectHideFlags: 0
  m_CorrespondingSourceObject: {fileID: 0}
  m_PrefabInstance: {fileID: 0}
  m_PrefabAsset: {fileID: 0}
  serializedVersion: 6
  m_Component:
  - component: {fileID: 8012518375918858647}
  - component: {fileID: 553733935}
  m_Layer: 0
  m_Name: Pages
  m_TagString: Untagged
  m_Icon: {fileID: 0}
  m_NavMeshLayer: 0
  m_StaticEditorFlags: 0
  m_IsActive: 1
--- !u!4 &8012518375918858647
Transform:
  m_ObjectHideFlags: 0
  m_CorrespondingSourceObject: {fileID: 0}
  m_PrefabInstance: {fileID: 0}
  m_PrefabAsset: {fileID: 0}
  m_GameObject: {fileID: 2010044748517055566}
  m_LocalRotation: {x: 0, y: 0, z: 0, w: 1}
  m_LocalPosition: {x: 0, y: 0, z: 0}
  m_LocalScale: {x: 1, y: 1, z: 1}
  m_Children:
  - {fileID: 6923176990564497174}
  - {fileID: 8902816938793600594}
  - {fileID: 8081963055774646888}
  - {fileID: 729789858}
  m_Father: {fileID: 8002611865248719739}
  m_RootOrder: 0
  m_LocalEulerAnglesHint: {x: 0, y: 0, z: 0}
--- !u!95 &553733935
Animator:
  serializedVersion: 3
  m_ObjectHideFlags: 0
  m_CorrespondingSourceObject: {fileID: 0}
  m_PrefabInstance: {fileID: 0}
  m_PrefabAsset: {fileID: 0}
  m_GameObject: {fileID: 2010044748517055566}
  m_Enabled: 1
  m_Avatar: {fileID: 0}
  m_Controller: {fileID: 9100000, guid: 0ad454464c104bb489f118ed57780f3b, type: 2}
  m_CullingMode: 2
  m_UpdateMode: 0
  m_ApplyRootMotion: 0
  m_LinearVelocityBlending: 0
  m_WarningMessage: 
  m_HasTransformHierarchy: 1
  m_AllowConstantClipSamplingOptimization: 1
  m_KeepAnimatorControllerStateOnDisable: 0
--- !u!1 &2200301975276413481
GameObject:
  m_ObjectHideFlags: 0
  m_CorrespondingSourceObject: {fileID: 0}
  m_PrefabInstance: {fileID: 0}
  m_PrefabAsset: {fileID: 0}
  serializedVersion: 6
  m_Component:
  - component: {fileID: 8002611865248719739}
  - component: {fileID: 7211082772233616321}
  - component: {fileID: 8448255556172005859}
  - component: {fileID: 1157283054164587510}
  - component: {fileID: 1224620982664158178}
  - component: {fileID: 3860275157575803083}
  m_Layer: 0
  m_Name: Book
  m_TagString: MaImpusc
  m_Icon: {fileID: 0}
  m_NavMeshLayer: 0
  m_StaticEditorFlags: 0
  m_IsActive: 1
--- !u!4 &8002611865248719739
Transform:
  m_ObjectHideFlags: 0
  m_CorrespondingSourceObject: {fileID: 0}
  m_PrefabInstance: {fileID: 0}
  m_PrefabAsset: {fileID: 0}
  m_GameObject: {fileID: 2200301975276413481}
  m_LocalRotation: {x: 0, y: 0, z: 0, w: 1}
  m_LocalPosition: {x: 0.370423, y: -0.78160787, z: 11.543287}
  m_LocalScale: {x: 1, y: 1, z: 1}
  m_Children:
  - {fileID: 8012518375918858647}
  m_Father: {fileID: 0}
  m_RootOrder: 0
  m_LocalEulerAnglesHint: {x: 0, y: 0, z: 0}
--- !u!114 &7211082772233616321
MonoBehaviour:
  m_ObjectHideFlags: 0
  m_CorrespondingSourceObject: {fileID: 0}
  m_PrefabInstance: {fileID: 0}
  m_PrefabAsset: {fileID: 0}
  m_GameObject: {fileID: 2200301975276413481}
  m_Enabled: 1
  m_EditorHideFlags: 0
  m_Script: {fileID: 11500000, guid: 5c5c5ee1ba5f8a44cb4e7dce4a07f02c, type: 3}
  m_Name: 
  m_EditorClassIdentifier: 
  LeftPage: {fileID: 9207342135335689734}
  RightPage: {fileID: 3622183130916104242}
--- !u!114 &8448255556172005859
MonoBehaviour:
  m_ObjectHideFlags: 0
  m_CorrespondingSourceObject: {fileID: 0}
  m_PrefabInstance: {fileID: 0}
  m_PrefabAsset: {fileID: 0}
  m_GameObject: {fileID: 2200301975276413481}
  m_Enabled: 1
  m_EditorHideFlags: 0
  m_Script: {fileID: 11500000, guid: 70793ec0a60c8ac4f83de82fbd4d2185, type: 3}
  m_Name: 
  m_EditorClassIdentifier: 
  RightPage: {fileID: 8361373236412166578}
  LeftPage: {fileID: 6719785851105175435}
--- !u!114 &1157283054164587510
MonoBehaviour:
  m_ObjectHideFlags: 0
  m_CorrespondingSourceObject: {fileID: 0}
  m_PrefabInstance: {fileID: 0}
  m_PrefabAsset: {fileID: 0}
  m_GameObject: {fileID: 2200301975276413481}
  m_Enabled: 1
  m_EditorHideFlags: 0
  m_Script: {fileID: 11500000, guid: 12b621cca33f5e74f8259179d596afdf, type: 3}
  m_Name: 
  m_EditorClassIdentifier: 
--- !u!114 &1224620982664158178
MonoBehaviour:
  m_ObjectHideFlags: 0
  m_CorrespondingSourceObject: {fileID: 0}
  m_PrefabInstance: {fileID: 0}
  m_PrefabAsset: {fileID: 0}
  m_GameObject: {fileID: 2200301975276413481}
  m_Enabled: 1
  m_EditorHideFlags: 0
  m_Script: {fileID: 11500000, guid: 41944489848a9ce468bd98ad94e1bb08, type: 3}
  m_Name: 
  m_EditorClassIdentifier: 
--- !u!95 &3860275157575803083
Animator:
  serializedVersion: 3
  m_ObjectHideFlags: 0
  m_CorrespondingSourceObject: {fileID: 0}
  m_PrefabInstance: {fileID: 0}
  m_PrefabAsset: {fileID: 0}
  m_GameObject: {fileID: 2200301975276413481}
  m_Enabled: 1
  m_Avatar: {fileID: 0}
  m_Controller: {fileID: 9100000, guid: 5d712ab46f218b84e8ee621c4f9919dd, type: 2}
  m_CullingMode: 0
  m_UpdateMode: 0
  m_ApplyRootMotion: 0
  m_LinearVelocityBlending: 0
  m_WarningMessage: 
  m_HasTransformHierarchy: 1
  m_AllowConstantClipSamplingOptimization: 1
  m_KeepAnimatorControllerStateOnDisable: 0
--- !u!1 &6719785851105175435
GameObject:
  m_ObjectHideFlags: 0
  m_CorrespondingSourceObject: {fileID: 0}
  m_PrefabInstance: {fileID: 0}
  m_PrefabAsset: {fileID: 0}
  serializedVersion: 6
  m_Component:
  - component: {fileID: 8902816938793600594}
  - component: {fileID: 9207342135335689734}
  m_Layer: 0
  m_Name: Left
  m_TagString: Untagged
  m_Icon: {fileID: 0}
  m_NavMeshLayer: 0
  m_StaticEditorFlags: 0
  m_IsActive: 1
--- !u!4 &8902816938793600594
Transform:
  m_ObjectHideFlags: 0
  m_CorrespondingSourceObject: {fileID: 0}
  m_PrefabInstance: {fileID: 0}
  m_PrefabAsset: {fileID: 0}
  m_GameObject: {fileID: 6719785851105175435}
  m_LocalRotation: {x: 0, y: 0, z: 0, w: 1}
  m_LocalPosition: {x: 2.5, y: 0, z: 0}
  m_LocalScale: {x: 1, y: 1, z: 1}
  m_Children: []
  m_Father: {fileID: 8012518375918858647}
  m_RootOrder: 1
  m_LocalEulerAnglesHint: {x: 0, y: 0, z: 0}
--- !u!114 &9207342135335689734
MonoBehaviour:
  m_ObjectHideFlags: 0
  m_CorrespondingSourceObject: {fileID: 0}
  m_PrefabInstance: {fileID: 0}
  m_PrefabAsset: {fileID: 0}
  m_GameObject: {fileID: 6719785851105175435}
  m_Enabled: 1
  m_EditorHideFlags: 0
  m_Script: {fileID: 11500000, guid: 63f80f4d6754a074c9c8dce5f2d25eb9, type: 3}
  m_Name: 
  m_EditorClassIdentifier: 
  Paragraph: {fileID: 0}
--- !u!1 &8345339415494686243
GameObject:
  m_ObjectHideFlags: 0
  m_CorrespondingSourceObject: {fileID: 0}
  m_PrefabInstance: {fileID: 0}
  m_PrefabAsset: {fileID: 0}
  serializedVersion: 6
  m_Component:
  - component: {fileID: 6923176990564497174}
  - component: {fileID: 2353539085918083084}
  m_Layer: 0
  m_Name: PagesGraphics
  m_TagString: Untagged
  m_Icon: {fileID: 0}
  m_NavMeshLayer: 0
  m_StaticEditorFlags: 0
  m_IsActive: 1
--- !u!4 &6923176990564497174
Transform:
  m_ObjectHideFlags: 0
  m_CorrespondingSourceObject: {fileID: 0}
  m_PrefabInstance: {fileID: 0}
  m_PrefabAsset: {fileID: 0}
  m_GameObject: {fileID: 8345339415494686243}
  m_LocalRotation: {x: 0, y: 0, z: 0, w: 1}
  m_LocalPosition: {x: 0, y: 0, z: 0}
  m_LocalScale: {x: 1, y: 1, z: 1}
  m_Children:
  - {fileID: 3818110694547835311}
  m_Father: {fileID: 8012518375918858647}
  m_RootOrder: 0
  m_LocalEulerAnglesHint: {x: 0, y: 0, z: 0}
--- !u!212 &2353539085918083084
SpriteRenderer:
  m_ObjectHideFlags: 0
  m_CorrespondingSourceObject: {fileID: 0}
  m_PrefabInstance: {fileID: 0}
  m_PrefabAsset: {fileID: 0}
  m_GameObject: {fileID: 8345339415494686243}
  m_Enabled: 1
  m_CastShadows: 0
  m_ReceiveShadows: 0
  m_DynamicOccludee: 1
  m_MotionVectors: 1
  m_LightProbeUsage: 1
  m_ReflectionProbeUsage: 1
  m_RenderingLayerMask: 1
  m_RendererPriority: 0
  m_Materials:
  - {fileID: 10754, guid: 0000000000000000f000000000000000, type: 0}
  m_StaticBatchInfo:
    firstSubMesh: 0
    subMeshCount: 0
  m_StaticBatchRoot: {fileID: 0}
  m_ProbeAnchor: {fileID: 0}
  m_LightProbeVolumeOverride: {fileID: 0}
  m_ScaleInLightmap: 1
  m_PreserveUVs: 0
  m_IgnoreNormalsForChartDetection: 0
  m_ImportantGI: 0
  m_StitchLightmapSeams: 0
  m_SelectedEditorRenderState: 0
  m_MinimumChartSize: 4
  m_AutoUVMaxDistance: 0.5
  m_AutoUVMaxAngle: 89
  m_LightmapParameters: {fileID: 0}
  m_SortingLayerID: 0
  m_SortingLayer: 0
  m_SortingOrder: 0
  m_Sprite: {fileID: 21300000, guid: f28cf6e025f6a5d4181802fbea046734, type: 3}
  m_Color: {r: 1, g: 1, b: 1, a: 1}
  m_FlipX: 0
  m_FlipY: 0
  m_DrawMode: 0
  m_Size: {x: 11.222222, y: 8.388889}
  m_AdaptiveModeThreshold: 0.5
  m_SpriteTileMode: 0
  m_WasSpriteAssigned: 1
  m_MaskInteraction: 0
  m_SpriteSortPoint: 0
--- !u!1 &8361373236412166578
GameObject:
  m_ObjectHideFlags: 0
  m_CorrespondingSourceObject: {fileID: 0}
  m_PrefabInstance: {fileID: 0}
  m_PrefabAsset: {fileID: 0}
  serializedVersion: 6
  m_Component:
  - component: {fileID: 8081963055774646888}
  - component: {fileID: 3622183130916104242}
  m_Layer: 0
  m_Name: Right
  m_TagString: Untagged
  m_Icon: {fileID: 0}
  m_NavMeshLayer: 0
  m_StaticEditorFlags: 0
  m_IsActive: 1
--- !u!4 &8081963055774646888
Transform:
  m_ObjectHideFlags: 0
  m_CorrespondingSourceObject: {fileID: 0}
  m_PrefabInstance: {fileID: 0}
  m_PrefabAsset: {fileID: 0}
  m_GameObject: {fileID: 8361373236412166578}
  m_LocalRotation: {x: 0, y: 0, z: 0, w: 1}
  m_LocalPosition: {x: 2.5, y: 0, z: 0}
  m_LocalScale: {x: 1, y: 1, z: 1}
  m_Children:
  - {fileID: 9040039587940658823}
  - {fileID: 8910601113813694848}
  - {fileID: 2132197628561325925}
  - {fileID: 186053545220754712}
  - {fileID: 7456996598081619019}
  - {fileID: 45273831679191191}
  - {fileID: 5118480108555579807}
  m_Father: {fileID: 8012518375918858647}
  m_RootOrder: 2
  m_LocalEulerAnglesHint: {x: 0, y: 0, z: 0}
--- !u!114 &3622183130916104242
MonoBehaviour:
  m_ObjectHideFlags: 0
  m_CorrespondingSourceObject: {fileID: 0}
  m_PrefabInstance: {fileID: 0}
  m_PrefabAsset: {fileID: 0}
  m_GameObject: {fileID: 8361373236412166578}
  m_Enabled: 1
  m_EditorHideFlags: 0
  m_Script: {fileID: 11500000, guid: 5fba49ec844ee7340aea547bdfe4c45c, type: 3}
  m_Name: 
  m_EditorClassIdentifier: 
  Action1: {fileID: 8218206938773612950}
  Action2: {fileID: 1455552570306277235}
  Action3: {fileID: 806357213894745358}
  Menu: {fileID: 6291351270643220318}
  Inventory: {fileID: 3500163390906323842}
  Submit: {fileID: 2253479319076798514}
--- !u!1001 &1015324674105316922
PrefabInstance:
  m_ObjectHideFlags: 0
  serializedVersion: 2
  m_Modification:
    m_TransformParent: {fileID: 8081963055774646888}
    m_Modifications:
    - target: {fileID: 1883631852816677193, guid: c1e4966b35f1d6c49afd79fee4b48e90,
        type: 3}
      propertyPath: m_Name
      value: Action2
      objectReference: {fileID: 0}
    - target: {fileID: 1405191370010749279, guid: c1e4966b35f1d6c49afd79fee4b48e90,
        type: 3}
      propertyPath: m_LocalPosition.x
      value: 0
      objectReference: {fileID: 0}
    - target: {fileID: 1405191370010749279, guid: c1e4966b35f1d6c49afd79fee4b48e90,
        type: 3}
      propertyPath: m_LocalPosition.y
      value: 1
      objectReference: {fileID: 0}
    - target: {fileID: 1405191370010749279, guid: c1e4966b35f1d6c49afd79fee4b48e90,
        type: 3}
      propertyPath: m_LocalPosition.z
      value: 0
      objectReference: {fileID: 0}
    - target: {fileID: 1405191370010749279, guid: c1e4966b35f1d6c49afd79fee4b48e90,
        type: 3}
      propertyPath: m_LocalRotation.x
      value: 0
      objectReference: {fileID: 0}
    - target: {fileID: 1405191370010749279, guid: c1e4966b35f1d6c49afd79fee4b48e90,
        type: 3}
      propertyPath: m_LocalRotation.y
      value: 0
      objectReference: {fileID: 0}
    - target: {fileID: 1405191370010749279, guid: c1e4966b35f1d6c49afd79fee4b48e90,
        type: 3}
      propertyPath: m_LocalRotation.z
      value: 0
      objectReference: {fileID: 0}
    - target: {fileID: 1405191370010749279, guid: c1e4966b35f1d6c49afd79fee4b48e90,
        type: 3}
      propertyPath: m_LocalRotation.w
      value: 1
      objectReference: {fileID: 0}
    - target: {fileID: 1405191370010749279, guid: c1e4966b35f1d6c49afd79fee4b48e90,
        type: 3}
      propertyPath: m_RootOrder
      value: 2
      objectReference: {fileID: 0}
    - target: {fileID: 1405191370010749279, guid: c1e4966b35f1d6c49afd79fee4b48e90,
        type: 3}
      propertyPath: m_LocalEulerAnglesHint.x
      value: 0
      objectReference: {fileID: 0}
    - target: {fileID: 1405191370010749279, guid: c1e4966b35f1d6c49afd79fee4b48e90,
        type: 3}
      propertyPath: m_LocalEulerAnglesHint.y
      value: 0
      objectReference: {fileID: 0}
    - target: {fileID: 1405191370010749279, guid: c1e4966b35f1d6c49afd79fee4b48e90,
        type: 3}
      propertyPath: m_LocalEulerAnglesHint.z
      value: 0
      objectReference: {fileID: 0}
    - target: {fileID: 63319890891122654, guid: c1e4966b35f1d6c49afd79fee4b48e90,
        type: 3}
      propertyPath: m_Sprite
      value: 
      objectReference: {fileID: 21300000, guid: 2ae86f16aa79c1f47bea514ef2b9c988,
        type: 3}
    - target: {fileID: 63319890891122654, guid: c1e4966b35f1d6c49afd79fee4b48e90,
        type: 3}
      propertyPath: m_Size.x
      value: 4
      objectReference: {fileID: 0}
    - target: {fileID: 63319890891122654, guid: c1e4966b35f1d6c49afd79fee4b48e90,
        type: 3}
      propertyPath: m_WasSpriteAssigned
      value: 1
      objectReference: {fileID: 0}
    - target: {fileID: 9201332614634539187, guid: c1e4966b35f1d6c49afd79fee4b48e90,
        type: 3}
      propertyPath: m_Delegates.Array.data[0].callback.m_PersistentCalls.m_Calls.Array.data[0].m_Target
      value: 
      objectReference: {fileID: 5735285304368607293}
    - target: {fileID: 9201332614634539187, guid: c1e4966b35f1d6c49afd79fee4b48e90,
        type: 3}
      propertyPath: m_Delegates.Array.data[0].callback.m_PersistentCalls.m_Calls.Array.data[0].m_MethodName
      value: DoAction
      objectReference: {fileID: 0}
    - target: {fileID: 9201332614634539187, guid: c1e4966b35f1d6c49afd79fee4b48e90,
        type: 3}
      propertyPath: m_Delegates.Array.data[0].callback.m_PersistentCalls.m_Calls.Array.data[0].m_Arguments.m_ObjectArgumentAssemblyTypeName
      value: UnityEngine.Object, UnityEngine
      objectReference: {fileID: 0}
    - target: {fileID: 4114263036757840330, guid: c1e4966b35f1d6c49afd79fee4b48e90,
        type: 3}
      propertyPath: m_SpriteTilingProperty.pivot.x
      value: 0.5
      objectReference: {fileID: 0}
    - target: {fileID: 4114263036757840330, guid: c1e4966b35f1d6c49afd79fee4b48e90,
        type: 3}
      propertyPath: m_SpriteTilingProperty.pivot.y
      value: 0.5
      objectReference: {fileID: 0}
    - target: {fileID: 4114263036757840330, guid: c1e4966b35f1d6c49afd79fee4b48e90,
        type: 3}
      propertyPath: m_SpriteTilingProperty.oldSize.x
      value: 4
      objectReference: {fileID: 0}
    - target: {fileID: 4114263036757840330, guid: c1e4966b35f1d6c49afd79fee4b48e90,
        type: 3}
      propertyPath: m_SpriteTilingProperty.oldSize.y
      value: 1
      objectReference: {fileID: 0}
    - target: {fileID: 4114263036757840330, guid: c1e4966b35f1d6c49afd79fee4b48e90,
        type: 3}
      propertyPath: m_SpriteTilingProperty.newSize.x
      value: 4
      objectReference: {fileID: 0}
    - target: {fileID: 4114263036757840330, guid: c1e4966b35f1d6c49afd79fee4b48e90,
        type: 3}
      propertyPath: m_SpriteTilingProperty.newSize.y
      value: 1
      objectReference: {fileID: 0}
    - target: {fileID: 4114263036757840330, guid: c1e4966b35f1d6c49afd79fee4b48e90,
        type: 3}
      propertyPath: m_SpriteTilingProperty.adaptiveTilingThreshold
      value: 0.5
      objectReference: {fileID: 0}
    - target: {fileID: 1139780440630930557, guid: c1e4966b35f1d6c49afd79fee4b48e90,
        type: 3}
      propertyPath: m_fontColor32.rgba
      value: 4279440221
      objectReference: {fileID: 0}
    - target: {fileID: 4539931892468494830, guid: c1e4966b35f1d6c49afd79fee4b48e90,
        type: 3}
      propertyPath: m_SortingOrder
      value: 2
      objectReference: {fileID: 0}
    m_RemovedComponents: []
  m_SourcePrefab: {fileID: 100100000, guid: c1e4966b35f1d6c49afd79fee4b48e90, type: 3}
--- !u!1 &1455552570306277235 stripped
GameObject:
  m_CorrespondingSourceObject: {fileID: 1883631852816677193, guid: c1e4966b35f1d6c49afd79fee4b48e90,
    type: 3}
  m_PrefabInstance: {fileID: 1015324674105316922}
  m_PrefabAsset: {fileID: 0}
--- !u!4 &2132197628561325925 stripped
Transform:
  m_CorrespondingSourceObject: {fileID: 1405191370010749279, guid: c1e4966b35f1d6c49afd79fee4b48e90,
    type: 3}
  m_PrefabInstance: {fileID: 1015324674105316922}
  m_PrefabAsset: {fileID: 0}
--- !u!114 &5735285304368607293 stripped
MonoBehaviour:
  m_CorrespondingSourceObject: {fileID: 4720049424537232903, guid: c1e4966b35f1d6c49afd79fee4b48e90,
    type: 3}
  m_PrefabInstance: {fileID: 1015324674105316922}
  m_PrefabAsset: {fileID: 0}
  m_GameObject: {fileID: 1455552570306277235}
  m_Enabled: 1
  m_EditorHideFlags: 0
  m_Script: {fileID: 11500000, guid: 67549d5268b5b064aa9ff9ccd85c501a, type: 3}
  m_Name: 
  m_EditorClassIdentifier: 
--- !u!1001 &1230820449906762823
PrefabInstance:
  m_ObjectHideFlags: 0
  serializedVersion: 2
  m_Modification:
    m_TransformParent: {fileID: 8081963055774646888}
    m_Modifications:
    - target: {fileID: 1883631852816677193, guid: c1e4966b35f1d6c49afd79fee4b48e90,
        type: 3}
      propertyPath: m_Name
      value: Action3
      objectReference: {fileID: 0}
    - target: {fileID: 1405191370010749279, guid: c1e4966b35f1d6c49afd79fee4b48e90,
        type: 3}
      propertyPath: m_LocalPosition.x
      value: 0
      objectReference: {fileID: 0}
    - target: {fileID: 1405191370010749279, guid: c1e4966b35f1d6c49afd79fee4b48e90,
        type: 3}
      propertyPath: m_LocalPosition.y
      value: -0.5
      objectReference: {fileID: 0}
    - target: {fileID: 1405191370010749279, guid: c1e4966b35f1d6c49afd79fee4b48e90,
        type: 3}
      propertyPath: m_LocalPosition.z
      value: 0
      objectReference: {fileID: 0}
    - target: {fileID: 1405191370010749279, guid: c1e4966b35f1d6c49afd79fee4b48e90,
        type: 3}
      propertyPath: m_LocalRotation.x
      value: 0
      objectReference: {fileID: 0}
    - target: {fileID: 1405191370010749279, guid: c1e4966b35f1d6c49afd79fee4b48e90,
        type: 3}
      propertyPath: m_LocalRotation.y
      value: 0
      objectReference: {fileID: 0}
    - target: {fileID: 1405191370010749279, guid: c1e4966b35f1d6c49afd79fee4b48e90,
        type: 3}
      propertyPath: m_LocalRotation.z
      value: 0
      objectReference: {fileID: 0}
    - target: {fileID: 1405191370010749279, guid: c1e4966b35f1d6c49afd79fee4b48e90,
        type: 3}
      propertyPath: m_LocalRotation.w
      value: 1
      objectReference: {fileID: 0}
    - target: {fileID: 1405191370010749279, guid: c1e4966b35f1d6c49afd79fee4b48e90,
        type: 3}
      propertyPath: m_RootOrder
      value: 3
      objectReference: {fileID: 0}
    - target: {fileID: 1405191370010749279, guid: c1e4966b35f1d6c49afd79fee4b48e90,
        type: 3}
      propertyPath: m_LocalEulerAnglesHint.x
      value: 0
      objectReference: {fileID: 0}
    - target: {fileID: 1405191370010749279, guid: c1e4966b35f1d6c49afd79fee4b48e90,
        type: 3}
      propertyPath: m_LocalEulerAnglesHint.y
      value: 0
      objectReference: {fileID: 0}
    - target: {fileID: 1405191370010749279, guid: c1e4966b35f1d6c49afd79fee4b48e90,
        type: 3}
      propertyPath: m_LocalEulerAnglesHint.z
      value: 0
      objectReference: {fileID: 0}
    - target: {fileID: 63319890891122654, guid: c1e4966b35f1d6c49afd79fee4b48e90,
        type: 3}
      propertyPath: m_Sprite
      value: 
      objectReference: {fileID: 21300000, guid: 2ae86f16aa79c1f47bea514ef2b9c988,
        type: 3}
    - target: {fileID: 63319890891122654, guid: c1e4966b35f1d6c49afd79fee4b48e90,
        type: 3}
      propertyPath: m_Size.x
      value: 4
      objectReference: {fileID: 0}
    - target: {fileID: 63319890891122654, guid: c1e4966b35f1d6c49afd79fee4b48e90,
        type: 3}
      propertyPath: m_WasSpriteAssigned
      value: 1
      objectReference: {fileID: 0}
    - target: {fileID: 9201332614634539187, guid: c1e4966b35f1d6c49afd79fee4b48e90,
        type: 3}
      propertyPath: m_Delegates.Array.data[0].callback.m_PersistentCalls.m_Calls.Array.data[0].m_Target
      value: 
      objectReference: {fileID: 5806331085997376064}
    - target: {fileID: 9201332614634539187, guid: c1e4966b35f1d6c49afd79fee4b48e90,
        type: 3}
      propertyPath: m_Delegates.Array.data[0].callback.m_PersistentCalls.m_Calls.Array.data[0].m_MethodName
      value: DoAction
      objectReference: {fileID: 0}
    - target: {fileID: 9201332614634539187, guid: c1e4966b35f1d6c49afd79fee4b48e90,
        type: 3}
      propertyPath: m_Delegates.Array.data[0].callback.m_PersistentCalls.m_Calls.Array.data[0].m_Arguments.m_ObjectArgumentAssemblyTypeName
      value: UnityEngine.Object, UnityEngine
      objectReference: {fileID: 0}
    - target: {fileID: 4114263036757840330, guid: c1e4966b35f1d6c49afd79fee4b48e90,
        type: 3}
      propertyPath: m_SpriteTilingProperty.pivot.x
      value: 0.5
      objectReference: {fileID: 0}
    - target: {fileID: 4114263036757840330, guid: c1e4966b35f1d6c49afd79fee4b48e90,
        type: 3}
      propertyPath: m_SpriteTilingProperty.pivot.y
      value: 0.5
      objectReference: {fileID: 0}
    - target: {fileID: 4114263036757840330, guid: c1e4966b35f1d6c49afd79fee4b48e90,
        type: 3}
      propertyPath: m_SpriteTilingProperty.oldSize.x
      value: 4
      objectReference: {fileID: 0}
    - target: {fileID: 4114263036757840330, guid: c1e4966b35f1d6c49afd79fee4b48e90,
        type: 3}
      propertyPath: m_SpriteTilingProperty.oldSize.y
      value: 1
      objectReference: {fileID: 0}
    - target: {fileID: 4114263036757840330, guid: c1e4966b35f1d6c49afd79fee4b48e90,
        type: 3}
      propertyPath: m_SpriteTilingProperty.newSize.x
      value: 4
      objectReference: {fileID: 0}
    - target: {fileID: 4114263036757840330, guid: c1e4966b35f1d6c49afd79fee4b48e90,
        type: 3}
      propertyPath: m_SpriteTilingProperty.newSize.y
      value: 1
      objectReference: {fileID: 0}
    - target: {fileID: 4114263036757840330, guid: c1e4966b35f1d6c49afd79fee4b48e90,
        type: 3}
      propertyPath: m_SpriteTilingProperty.adaptiveTilingThreshold
      value: 0.5
      objectReference: {fileID: 0}
    - target: {fileID: 1139780440630930557, guid: c1e4966b35f1d6c49afd79fee4b48e90,
        type: 3}
      propertyPath: m_fontColor32.rgba
      value: 4279440221
      objectReference: {fileID: 0}
    - target: {fileID: 4539931892468494830, guid: c1e4966b35f1d6c49afd79fee4b48e90,
        type: 3}
      propertyPath: m_SortingOrder
      value: 2
      objectReference: {fileID: 0}
    m_RemovedComponents: []
  m_SourcePrefab: {fileID: 100100000, guid: c1e4966b35f1d6c49afd79fee4b48e90, type: 3}
--- !u!114 &5806331085997376064 stripped
MonoBehaviour:
  m_CorrespondingSourceObject: {fileID: 4720049424537232903, guid: c1e4966b35f1d6c49afd79fee4b48e90,
    type: 3}
  m_PrefabInstance: {fileID: 1230820449906762823}
  m_PrefabAsset: {fileID: 0}
  m_GameObject: {fileID: 806357213894745358}
  m_Enabled: 1
  m_EditorHideFlags: 0
  m_Script: {fileID: 11500000, guid: 67549d5268b5b064aa9ff9ccd85c501a, type: 3}
  m_Name: 
  m_EditorClassIdentifier: 
--- !u!4 &186053545220754712 stripped
Transform:
  m_CorrespondingSourceObject: {fileID: 1405191370010749279, guid: c1e4966b35f1d6c49afd79fee4b48e90,
    type: 3}
  m_PrefabInstance: {fileID: 1230820449906762823}
  m_PrefabAsset: {fileID: 0}
--- !u!1 &806357213894745358 stripped
GameObject:
  m_CorrespondingSourceObject: {fileID: 1883631852816677193, guid: c1e4966b35f1d6c49afd79fee4b48e90,
    type: 3}
  m_PrefabInstance: {fileID: 1230820449906762823}
  m_PrefabAsset: {fileID: 0}
--- !u!1001 &3419283673936793980
PrefabInstance:
  m_ObjectHideFlags: 0
  serializedVersion: 2
  m_Modification:
    m_TransformParent: {fileID: 8081963055774646888}
    m_Modifications:
    - target: {fileID: 8664049129236704802, guid: 6bc2572866fbc3a42b33833dae80d43a,
        type: 3}
      propertyPath: m_Name
      value: Menu
      objectReference: {fileID: 0}
    - target: {fileID: 5192420052816106807, guid: 6bc2572866fbc3a42b33833dae80d43a,
        type: 3}
      propertyPath: m_LocalPosition.x
      value: -1.5
      objectReference: {fileID: 0}
    - target: {fileID: 5192420052816106807, guid: 6bc2572866fbc3a42b33833dae80d43a,
        type: 3}
      propertyPath: m_LocalPosition.y
      value: -2.5
      objectReference: {fileID: 0}
    - target: {fileID: 5192420052816106807, guid: 6bc2572866fbc3a42b33833dae80d43a,
        type: 3}
      propertyPath: m_LocalPosition.z
      value: 0
      objectReference: {fileID: 0}
    - target: {fileID: 5192420052816106807, guid: 6bc2572866fbc3a42b33833dae80d43a,
        type: 3}
      propertyPath: m_LocalRotation.x
      value: 0
      objectReference: {fileID: 0}
    - target: {fileID: 5192420052816106807, guid: 6bc2572866fbc3a42b33833dae80d43a,
        type: 3}
      propertyPath: m_LocalRotation.y
      value: 0
      objectReference: {fileID: 0}
    - target: {fileID: 5192420052816106807, guid: 6bc2572866fbc3a42b33833dae80d43a,
        type: 3}
      propertyPath: m_LocalRotation.z
      value: 0
      objectReference: {fileID: 0}
    - target: {fileID: 5192420052816106807, guid: 6bc2572866fbc3a42b33833dae80d43a,
        type: 3}
      propertyPath: m_LocalRotation.w
      value: 1
      objectReference: {fileID: 0}
    - target: {fileID: 5192420052816106807, guid: 6bc2572866fbc3a42b33833dae80d43a,
        type: 3}
      propertyPath: m_RootOrder
      value: 4
      objectReference: {fileID: 0}
    - target: {fileID: 5192420052816106807, guid: 6bc2572866fbc3a42b33833dae80d43a,
        type: 3}
      propertyPath: m_LocalEulerAnglesHint.x
      value: 0
      objectReference: {fileID: 0}
    - target: {fileID: 5192420052816106807, guid: 6bc2572866fbc3a42b33833dae80d43a,
        type: 3}
      propertyPath: m_LocalEulerAnglesHint.y
      value: 0
      objectReference: {fileID: 0}
    - target: {fileID: 5192420052816106807, guid: 6bc2572866fbc3a42b33833dae80d43a,
        type: 3}
      propertyPath: m_LocalEulerAnglesHint.z
      value: 0
      objectReference: {fileID: 0}
    - target: {fileID: 4295295458322415540, guid: 6bc2572866fbc3a42b33833dae80d43a,
        type: 3}
      propertyPath: m_SpriteTilingProperty.pivot.x
      value: 0.5
      objectReference: {fileID: 0}
    - target: {fileID: 4295295458322415540, guid: 6bc2572866fbc3a42b33833dae80d43a,
        type: 3}
      propertyPath: m_SpriteTilingProperty.pivot.y
      value: 0.5
      objectReference: {fileID: 0}
    - target: {fileID: 4295295458322415540, guid: 6bc2572866fbc3a42b33833dae80d43a,
        type: 3}
      propertyPath: m_SpriteTilingProperty.oldSize.x
      value: 1
      objectReference: {fileID: 0}
    - target: {fileID: 4295295458322415540, guid: 6bc2572866fbc3a42b33833dae80d43a,
        type: 3}
      propertyPath: m_SpriteTilingProperty.oldSize.y
      value: 1
      objectReference: {fileID: 0}
    - target: {fileID: 4295295458322415540, guid: 6bc2572866fbc3a42b33833dae80d43a,
        type: 3}
      propertyPath: m_SpriteTilingProperty.newSize.x
      value: 1
      objectReference: {fileID: 0}
    - target: {fileID: 4295295458322415540, guid: 6bc2572866fbc3a42b33833dae80d43a,
        type: 3}
      propertyPath: m_SpriteTilingProperty.newSize.y
      value: 1
      objectReference: {fileID: 0}
    - target: {fileID: 4295295458322415540, guid: 6bc2572866fbc3a42b33833dae80d43a,
        type: 3}
      propertyPath: m_SpriteTilingProperty.adaptiveTilingThreshold
      value: 0.5
      objectReference: {fileID: 0}
    - target: {fileID: 2185294767176049931, guid: 6bc2572866fbc3a42b33833dae80d43a,
        type: 3}
      propertyPath: m_Delegates.Array.data[0].callback.m_PersistentCalls.m_Calls.Array.data[0].m_Target
      value: 
      objectReference: {fileID: 8959534160189764934}
    - target: {fileID: 2185294767176049931, guid: 6bc2572866fbc3a42b33833dae80d43a,
        type: 3}
      propertyPath: m_Delegates.Array.data[0].callback.m_PersistentCalls.m_Calls.Array.data[0].m_MethodName
      value: DoAction
      objectReference: {fileID: 0}
    - target: {fileID: 2185294767176049931, guid: 6bc2572866fbc3a42b33833dae80d43a,
        type: 3}
      propertyPath: m_Delegates.Array.data[0].callback.m_PersistentCalls.m_Calls.Array.data[0].m_Arguments.m_ObjectArgumentAssemblyTypeName
      value: UnityEngine.Object, UnityEngine
      objectReference: {fileID: 0}
    - target: {fileID: 9186992459451183668, guid: 6bc2572866fbc3a42b33833dae80d43a,
        type: 3}
      propertyPath: m_Sprite
      value: 
      objectReference: {fileID: 21300000, guid: 01954ebc8bc60c444adc4e7f050665b0,
        type: 3}
    - target: {fileID: 9186992459451183668, guid: 6bc2572866fbc3a42b33833dae80d43a,
        type: 3}
      propertyPath: m_WasSpriteAssigned
      value: 1
      objectReference: {fileID: 0}
    - target: {fileID: 7148073054399774271, guid: 6bc2572866fbc3a42b33833dae80d43a,
        type: 3}
      propertyPath: m_text
      value: Menu
      objectReference: {fileID: 0}
    - target: {fileID: 7148073054399774271, guid: 6bc2572866fbc3a42b33833dae80d43a,
        type: 3}
      propertyPath: m_fontColor32.rgba
      value: 4279440221
      objectReference: {fileID: 0}
    - target: {fileID: 7148073054399774271, guid: 6bc2572866fbc3a42b33833dae80d43a,
        type: 3}
      propertyPath: m_textInfo.characterCount
      value: 4
      objectReference: {fileID: 0}
    - target: {fileID: 7148073054399774271, guid: 6bc2572866fbc3a42b33833dae80d43a,
        type: 3}
      propertyPath: m_textInfo.wordCount
      value: 1
      objectReference: {fileID: 0}
    - target: {fileID: 7148073054399774271, guid: 6bc2572866fbc3a42b33833dae80d43a,
        type: 3}
      propertyPath: m_textInfo.lineCount
      value: 1
      objectReference: {fileID: 0}
    - target: {fileID: 7148073054399774271, guid: 6bc2572866fbc3a42b33833dae80d43a,
        type: 3}
      propertyPath: m_textInfo.pageCount
      value: 1
      objectReference: {fileID: 0}
    m_RemovedComponents: []
  m_SourcePrefab: {fileID: 100100000, guid: 6bc2572866fbc3a42b33833dae80d43a, type: 3}
--- !u!1 &6291351270643220318 stripped
GameObject:
  m_CorrespondingSourceObject: {fileID: 8664049129236704802, guid: 6bc2572866fbc3a42b33833dae80d43a,
    type: 3}
  m_PrefabInstance: {fileID: 3419283673936793980}
  m_PrefabAsset: {fileID: 0}
--- !u!114 &8959534160189764934 stripped
MonoBehaviour:
  m_CorrespondingSourceObject: {fileID: 5991217676844606522, guid: 6bc2572866fbc3a42b33833dae80d43a,
    type: 3}
  m_PrefabInstance: {fileID: 3419283673936793980}
  m_PrefabAsset: {fileID: 0}
  m_GameObject: {fileID: 6291351270643220318}
  m_Enabled: 1
  m_EditorHideFlags: 0
  m_Script: {fileID: 11500000, guid: 67549d5268b5b064aa9ff9ccd85c501a, type: 3}
  m_Name: 
  m_EditorClassIdentifier: 
--- !u!4 &7456996598081619019 stripped
Transform:
  m_CorrespondingSourceObject: {fileID: 5192420052816106807, guid: 6bc2572866fbc3a42b33833dae80d43a,
    type: 3}
  m_PrefabInstance: {fileID: 3419283673936793980}
  m_PrefabAsset: {fileID: 0}
--- !u!1001 &4813724723920726650
PrefabInstance:
  m_ObjectHideFlags: 0
  serializedVersion: 2
  m_Modification:
    m_TransformParent: {fileID: 8081963055774646888}
    m_Modifications:
    - target: {fileID: 4280650240528207411, guid: 8cb8397498bbbf54ca8f8196d20a51a7,
        type: 3}
      propertyPath: m_Name
      value: Paragraph
      objectReference: {fileID: 0}
    - target: {fileID: 4591812595893437693, guid: 8cb8397498bbbf54ca8f8196d20a51a7,
        type: 3}
      propertyPath: m_LocalPosition.x
      value: 0
      objectReference: {fileID: 0}
    - target: {fileID: 4591812595893437693, guid: 8cb8397498bbbf54ca8f8196d20a51a7,
        type: 3}
      propertyPath: m_LocalPosition.y
      value: 0
      objectReference: {fileID: 0}
    - target: {fileID: 4591812595893437693, guid: 8cb8397498bbbf54ca8f8196d20a51a7,
        type: 3}
      propertyPath: m_LocalPosition.z
      value: 0
      objectReference: {fileID: 0}
    - target: {fileID: 4591812595893437693, guid: 8cb8397498bbbf54ca8f8196d20a51a7,
        type: 3}
      propertyPath: m_LocalRotation.x
      value: 0
      objectReference: {fileID: 0}
    - target: {fileID: 4591812595893437693, guid: 8cb8397498bbbf54ca8f8196d20a51a7,
        type: 3}
      propertyPath: m_LocalRotation.y
      value: 0
      objectReference: {fileID: 0}
    - target: {fileID: 4591812595893437693, guid: 8cb8397498bbbf54ca8f8196d20a51a7,
        type: 3}
      propertyPath: m_LocalRotation.z
      value: 0
      objectReference: {fileID: 0}
    - target: {fileID: 4591812595893437693, guid: 8cb8397498bbbf54ca8f8196d20a51a7,
        type: 3}
      propertyPath: m_LocalRotation.w
      value: 1
      objectReference: {fileID: 0}
    - target: {fileID: 4591812595893437693, guid: 8cb8397498bbbf54ca8f8196d20a51a7,
        type: 3}
      propertyPath: m_RootOrder
      value: 0
      objectReference: {fileID: 0}
    - target: {fileID: 4591812595893437693, guid: 8cb8397498bbbf54ca8f8196d20a51a7,
        type: 3}
      propertyPath: m_LocalEulerAnglesHint.x
      value: 0
      objectReference: {fileID: 0}
    - target: {fileID: 4591812595893437693, guid: 8cb8397498bbbf54ca8f8196d20a51a7,
        type: 3}
      propertyPath: m_LocalEulerAnglesHint.y
      value: 0
      objectReference: {fileID: 0}
    - target: {fileID: 4591812595893437693, guid: 8cb8397498bbbf54ca8f8196d20a51a7,
        type: 3}
      propertyPath: m_LocalEulerAnglesHint.z
      value: 0
      objectReference: {fileID: 0}
    - target: {fileID: 4591812595893437693, guid: 8cb8397498bbbf54ca8f8196d20a51a7,
        type: 3}
      propertyPath: m_AnchoredPosition.x
      value: 0
      objectReference: {fileID: 0}
    - target: {fileID: 4591812595893437693, guid: 8cb8397498bbbf54ca8f8196d20a51a7,
        type: 3}
      propertyPath: m_AnchoredPosition.y
      value: -1.5
      objectReference: {fileID: 0}
    - target: {fileID: 4591812595893437693, guid: 8cb8397498bbbf54ca8f8196d20a51a7,
        type: 3}
      propertyPath: m_SizeDelta.x
      value: 4
      objectReference: {fileID: 0}
    - target: {fileID: 4591812595893437693, guid: 8cb8397498bbbf54ca8f8196d20a51a7,
        type: 3}
      propertyPath: m_SizeDelta.y
      value: 0.6
      objectReference: {fileID: 0}
    - target: {fileID: 4591812595893437693, guid: 8cb8397498bbbf54ca8f8196d20a51a7,
        type: 3}
      propertyPath: m_AnchorMin.x
      value: 0.5
      objectReference: {fileID: 0}
    - target: {fileID: 4591812595893437693, guid: 8cb8397498bbbf54ca8f8196d20a51a7,
        type: 3}
      propertyPath: m_AnchorMin.y
      value: 0.5
      objectReference: {fileID: 0}
    - target: {fileID: 4591812595893437693, guid: 8cb8397498bbbf54ca8f8196d20a51a7,
        type: 3}
      propertyPath: m_AnchorMax.x
      value: 0.5
      objectReference: {fileID: 0}
    - target: {fileID: 4591812595893437693, guid: 8cb8397498bbbf54ca8f8196d20a51a7,
        type: 3}
      propertyPath: m_AnchorMax.y
      value: 0.5
      objectReference: {fileID: 0}
    - target: {fileID: 4591812595893437693, guid: 8cb8397498bbbf54ca8f8196d20a51a7,
        type: 3}
      propertyPath: m_Pivot.x
      value: 0.5
      objectReference: {fileID: 0}
    - target: {fileID: 4591812595893437693, guid: 8cb8397498bbbf54ca8f8196d20a51a7,
        type: 3}
      propertyPath: m_Pivot.y
      value: 0.5
      objectReference: {fileID: 0}
    m_RemovedComponents: []
  m_SourcePrefab: {fileID: 100100000, guid: 8cb8397498bbbf54ca8f8196d20a51a7, type: 3}
--- !u!224 &9040039587940658823 stripped
RectTransform:
  m_CorrespondingSourceObject: {fileID: 4591812595893437693, guid: 8cb8397498bbbf54ca8f8196d20a51a7,
    type: 3}
  m_PrefabInstance: {fileID: 4813724723920726650}
  m_PrefabAsset: {fileID: 0}
--- !u!1001 &5237676232025570720
PrefabInstance:
  m_ObjectHideFlags: 0
  serializedVersion: 2
  m_Modification:
    m_TransformParent: {fileID: 8081963055774646888}
    m_Modifications:
    - target: {fileID: 8664049129236704802, guid: 6bc2572866fbc3a42b33833dae80d43a,
        type: 3}
      propertyPath: m_Name
      value: Inventory
      objectReference: {fileID: 0}
    - target: {fileID: 5192420052816106807, guid: 6bc2572866fbc3a42b33833dae80d43a,
        type: 3}
      propertyPath: m_LocalPosition.x
      value: 0
      objectReference: {fileID: 0}
    - target: {fileID: 5192420052816106807, guid: 6bc2572866fbc3a42b33833dae80d43a,
        type: 3}
      propertyPath: m_LocalPosition.y
      value: -2.5
      objectReference: {fileID: 0}
    - target: {fileID: 5192420052816106807, guid: 6bc2572866fbc3a42b33833dae80d43a,
        type: 3}
      propertyPath: m_LocalPosition.z
      value: 0
      objectReference: {fileID: 0}
    - target: {fileID: 5192420052816106807, guid: 6bc2572866fbc3a42b33833dae80d43a,
        type: 3}
      propertyPath: m_LocalRotation.x
      value: 0
      objectReference: {fileID: 0}
    - target: {fileID: 5192420052816106807, guid: 6bc2572866fbc3a42b33833dae80d43a,
        type: 3}
      propertyPath: m_LocalRotation.y
      value: 0
      objectReference: {fileID: 0}
    - target: {fileID: 5192420052816106807, guid: 6bc2572866fbc3a42b33833dae80d43a,
        type: 3}
      propertyPath: m_LocalRotation.z
      value: 0
      objectReference: {fileID: 0}
    - target: {fileID: 5192420052816106807, guid: 6bc2572866fbc3a42b33833dae80d43a,
        type: 3}
      propertyPath: m_LocalRotation.w
      value: 1
      objectReference: {fileID: 0}
    - target: {fileID: 5192420052816106807, guid: 6bc2572866fbc3a42b33833dae80d43a,
        type: 3}
      propertyPath: m_RootOrder
      value: 5
      objectReference: {fileID: 0}
    - target: {fileID: 5192420052816106807, guid: 6bc2572866fbc3a42b33833dae80d43a,
        type: 3}
      propertyPath: m_LocalEulerAnglesHint.x
      value: 0
      objectReference: {fileID: 0}
    - target: {fileID: 5192420052816106807, guid: 6bc2572866fbc3a42b33833dae80d43a,
        type: 3}
      propertyPath: m_LocalEulerAnglesHint.y
      value: 0
      objectReference: {fileID: 0}
    - target: {fileID: 5192420052816106807, guid: 6bc2572866fbc3a42b33833dae80d43a,
        type: 3}
      propertyPath: m_LocalEulerAnglesHint.z
      value: 0
      objectReference: {fileID: 0}
    - target: {fileID: 4295295458322415540, guid: 6bc2572866fbc3a42b33833dae80d43a,
        type: 3}
      propertyPath: m_SpriteTilingProperty.pivot.x
      value: 0.5
      objectReference: {fileID: 0}
    - target: {fileID: 4295295458322415540, guid: 6bc2572866fbc3a42b33833dae80d43a,
        type: 3}
      propertyPath: m_SpriteTilingProperty.pivot.y
      value: 0.5
      objectReference: {fileID: 0}
    - target: {fileID: 4295295458322415540, guid: 6bc2572866fbc3a42b33833dae80d43a,
        type: 3}
      propertyPath: m_SpriteTilingProperty.oldSize.x
      value: 1
      objectReference: {fileID: 0}
    - target: {fileID: 4295295458322415540, guid: 6bc2572866fbc3a42b33833dae80d43a,
        type: 3}
      propertyPath: m_SpriteTilingProperty.oldSize.y
      value: 1
      objectReference: {fileID: 0}
    - target: {fileID: 4295295458322415540, guid: 6bc2572866fbc3a42b33833dae80d43a,
        type: 3}
      propertyPath: m_SpriteTilingProperty.newSize.x
      value: 1
      objectReference: {fileID: 0}
    - target: {fileID: 4295295458322415540, guid: 6bc2572866fbc3a42b33833dae80d43a,
        type: 3}
      propertyPath: m_SpriteTilingProperty.newSize.y
      value: 1
      objectReference: {fileID: 0}
    - target: {fileID: 4295295458322415540, guid: 6bc2572866fbc3a42b33833dae80d43a,
        type: 3}
      propertyPath: m_SpriteTilingProperty.adaptiveTilingThreshold
      value: 0.5
      objectReference: {fileID: 0}
    - target: {fileID: 2185294767176049931, guid: 6bc2572866fbc3a42b33833dae80d43a,
        type: 3}
      propertyPath: m_Delegates.Array.data[0].callback.m_PersistentCalls.m_Calls.Array.data[0].m_Target
      value: 
      objectReference: {fileID: 1984647572081269146}
    - target: {fileID: 2185294767176049931, guid: 6bc2572866fbc3a42b33833dae80d43a,
        type: 3}
      propertyPath: m_Delegates.Array.data[0].callback.m_PersistentCalls.m_Calls.Array.data[0].m_MethodName
      value: DoAction
      objectReference: {fileID: 0}
    - target: {fileID: 2185294767176049931, guid: 6bc2572866fbc3a42b33833dae80d43a,
        type: 3}
      propertyPath: m_Delegates.Array.data[0].callback.m_PersistentCalls.m_Calls.Array.data[0].m_Arguments.m_ObjectArgumentAssemblyTypeName
      value: UnityEngine.Object, UnityEngine
      objectReference: {fileID: 0}
    - target: {fileID: 9186992459451183668, guid: 6bc2572866fbc3a42b33833dae80d43a,
        type: 3}
      propertyPath: m_Sprite
      value: 
      objectReference: {fileID: 21300000, guid: 01954ebc8bc60c444adc4e7f050665b0,
        type: 3}
    - target: {fileID: 9186992459451183668, guid: 6bc2572866fbc3a42b33833dae80d43a,
        type: 3}
      propertyPath: m_WasSpriteAssigned
      value: 1
      objectReference: {fileID: 0}
    - target: {fileID: 7148073054399774271, guid: 6bc2572866fbc3a42b33833dae80d43a,
        type: 3}
      propertyPath: m_text
      value: Inventory
      objectReference: {fileID: 0}
    - target: {fileID: 7148073054399774271, guid: 6bc2572866fbc3a42b33833dae80d43a,
        type: 3}
      propertyPath: m_fontColor32.rgba
      value: 4279440221
      objectReference: {fileID: 0}
    - target: {fileID: 7148073054399774271, guid: 6bc2572866fbc3a42b33833dae80d43a,
        type: 3}
      propertyPath: m_textInfo.characterCount
      value: 9
      objectReference: {fileID: 0}
    - target: {fileID: 7148073054399774271, guid: 6bc2572866fbc3a42b33833dae80d43a,
        type: 3}
      propertyPath: m_textInfo.wordCount
      value: 1
      objectReference: {fileID: 0}
    - target: {fileID: 7148073054399774271, guid: 6bc2572866fbc3a42b33833dae80d43a,
        type: 3}
      propertyPath: m_textInfo.lineCount
      value: 1
      objectReference: {fileID: 0}
    - target: {fileID: 7148073054399774271, guid: 6bc2572866fbc3a42b33833dae80d43a,
        type: 3}
      propertyPath: m_textInfo.pageCount
      value: 1
      objectReference: {fileID: 0}
    m_RemovedComponents: []
  m_SourcePrefab: {fileID: 100100000, guid: 6bc2572866fbc3a42b33833dae80d43a, type: 3}
--- !u!4 &45273831679191191 stripped
Transform:
  m_CorrespondingSourceObject: {fileID: 5192420052816106807, guid: 6bc2572866fbc3a42b33833dae80d43a,
    type: 3}
  m_PrefabInstance: {fileID: 5237676232025570720}
  m_PrefabAsset: {fileID: 0}
--- !u!114 &1984647572081269146 stripped
MonoBehaviour:
  m_CorrespondingSourceObject: {fileID: 5991217676844606522, guid: 6bc2572866fbc3a42b33833dae80d43a,
    type: 3}
  m_PrefabInstance: {fileID: 5237676232025570720}
  m_PrefabAsset: {fileID: 0}
  m_GameObject: {fileID: 3500163390906323842}
  m_Enabled: 1
  m_EditorHideFlags: 0
  m_Script: {fileID: 11500000, guid: 67549d5268b5b064aa9ff9ccd85c501a, type: 3}
  m_Name: 
  m_EditorClassIdentifier: 
--- !u!1 &3500163390906323842 stripped
GameObject:
  m_CorrespondingSourceObject: {fileID: 8664049129236704802, guid: 6bc2572866fbc3a42b33833dae80d43a,
    type: 3}
  m_PrefabInstance: {fileID: 5237676232025570720}
  m_PrefabAsset: {fileID: 0}
--- !u!1001 &5875825530930461554
PrefabInstance:
  m_ObjectHideFlags: 0
  serializedVersion: 2
  m_Modification:
    m_TransformParent: {fileID: 8081963055774646888}
    m_Modifications:
    - target: {fileID: 5678713331326974784, guid: 829a891027f81f54fb33ba21a936da3e,
        type: 3}
      propertyPath: m_Name
      value: Submit
      objectReference: {fileID: 0}
    - target: {fileID: 7822176211492891799, guid: 829a891027f81f54fb33ba21a936da3e,
        type: 3}
      propertyPath: m_Delegates.Array.data[0].callback.m_PersistentCalls.m_Calls.Array.data[0].m_Target
      value: 
      objectReference: {fileID: 7111284235713245580}
    - target: {fileID: 7822176211492891799, guid: 829a891027f81f54fb33ba21a936da3e,
        type: 3}
      propertyPath: m_Delegates.Array.data[0].callback.m_PersistentCalls.m_Calls.Array.data[0].m_MethodName
      value: DoAction
      objectReference: {fileID: 0}
    - target: {fileID: 7822176211492891799, guid: 829a891027f81f54fb33ba21a936da3e,
        type: 3}
      propertyPath: m_Delegates.Array.data[0].callback.m_PersistentCalls.m_Calls.Array.data[0].m_Arguments.m_ObjectArgumentAssemblyTypeName
      value: UnityEngine.Object, UnityEngine
      objectReference: {fileID: 0}
    - target: {fileID: 1622244445503900397, guid: 829a891027f81f54fb33ba21a936da3e,
        type: 3}
      propertyPath: m_LocalPosition.x
      value: 1.5
      objectReference: {fileID: 0}
    - target: {fileID: 1622244445503900397, guid: 829a891027f81f54fb33ba21a936da3e,
        type: 3}
      propertyPath: m_LocalPosition.y
      value: -2.5
      objectReference: {fileID: 0}
    - target: {fileID: 1622244445503900397, guid: 829a891027f81f54fb33ba21a936da3e,
        type: 3}
      propertyPath: m_LocalPosition.z
      value: 0
      objectReference: {fileID: 0}
    - target: {fileID: 1622244445503900397, guid: 829a891027f81f54fb33ba21a936da3e,
        type: 3}
      propertyPath: m_LocalRotation.x
      value: 0
      objectReference: {fileID: 0}
    - target: {fileID: 1622244445503900397, guid: 829a891027f81f54fb33ba21a936da3e,
        type: 3}
      propertyPath: m_LocalRotation.y
      value: 0
      objectReference: {fileID: 0}
    - target: {fileID: 1622244445503900397, guid: 829a891027f81f54fb33ba21a936da3e,
        type: 3}
      propertyPath: m_LocalRotation.z
      value: 0
      objectReference: {fileID: 0}
    - target: {fileID: 1622244445503900397, guid: 829a891027f81f54fb33ba21a936da3e,
        type: 3}
      propertyPath: m_LocalRotation.w
      value: 1
      objectReference: {fileID: 0}
    - target: {fileID: 1622244445503900397, guid: 829a891027f81f54fb33ba21a936da3e,
        type: 3}
      propertyPath: m_RootOrder
      value: 6
      objectReference: {fileID: 0}
    - target: {fileID: 1622244445503900397, guid: 829a891027f81f54fb33ba21a936da3e,
        type: 3}
      propertyPath: m_LocalEulerAnglesHint.x
      value: 0
      objectReference: {fileID: 0}
    - target: {fileID: 1622244445503900397, guid: 829a891027f81f54fb33ba21a936da3e,
        type: 3}
      propertyPath: m_LocalEulerAnglesHint.y
      value: 0
      objectReference: {fileID: 0}
    - target: {fileID: 1622244445503900397, guid: 829a891027f81f54fb33ba21a936da3e,
        type: 3}
      propertyPath: m_LocalEulerAnglesHint.z
      value: 0
      objectReference: {fileID: 0}
    - target: {fileID: 4033848036039658365, guid: 829a891027f81f54fb33ba21a936da3e,
        type: 3}
      propertyPath: m_Sprite
      value: 
      objectReference: {fileID: 21300000, guid: 7cd0b6aa4f90f7347aee27c330ae507c,
        type: 3}
    - target: {fileID: 4033848036039658365, guid: 829a891027f81f54fb33ba21a936da3e,
        type: 3}
      propertyPath: m_WasSpriteAssigned
      value: 1
      objectReference: {fileID: 0}
    - target: {fileID: 3049232850473200508, guid: 829a891027f81f54fb33ba21a936da3e,
        type: 3}
      propertyPath: m_SpriteTilingProperty.pivot.x
      value: 0.5
      objectReference: {fileID: 0}
    - target: {fileID: 3049232850473200508, guid: 829a891027f81f54fb33ba21a936da3e,
        type: 3}
      propertyPath: m_SpriteTilingProperty.pivot.y
      value: 0.5
      objectReference: {fileID: 0}
    - target: {fileID: 3049232850473200508, guid: 829a891027f81f54fb33ba21a936da3e,
        type: 3}
      propertyPath: m_SpriteTilingProperty.oldSize.x
      value: 1
      objectReference: {fileID: 0}
    - target: {fileID: 3049232850473200508, guid: 829a891027f81f54fb33ba21a936da3e,
        type: 3}
      propertyPath: m_SpriteTilingProperty.oldSize.y
      value: 1
      objectReference: {fileID: 0}
    - target: {fileID: 3049232850473200508, guid: 829a891027f81f54fb33ba21a936da3e,
        type: 3}
      propertyPath: m_SpriteTilingProperty.newSize.x
      value: 1
      objectReference: {fileID: 0}
    - target: {fileID: 3049232850473200508, guid: 829a891027f81f54fb33ba21a936da3e,
        type: 3}
      propertyPath: m_SpriteTilingProperty.newSize.y
      value: 1
      objectReference: {fileID: 0}
    - target: {fileID: 3049232850473200508, guid: 829a891027f81f54fb33ba21a936da3e,
        type: 3}
      propertyPath: m_SpriteTilingProperty.adaptiveTilingThreshold
      value: 0.5
      objectReference: {fileID: 0}
    - target: {fileID: 6574685624656290534, guid: 829a891027f81f54fb33ba21a936da3e,
        type: 3}
      propertyPath: m_SortingOrder
      value: 2
      objectReference: {fileID: 0}
    - target: {fileID: 7856938499889763476, guid: 829a891027f81f54fb33ba21a936da3e,
        type: 3}
      propertyPath: m_text
      value: SUBMIT
      objectReference: {fileID: 0}
    - target: {fileID: 7856938499889763476, guid: 829a891027f81f54fb33ba21a936da3e,
        type: 3}
      propertyPath: m_fontColor32.rgba
      value: 4279440221
      objectReference: {fileID: 0}
    - target: {fileID: 7856938499889763476, guid: 829a891027f81f54fb33ba21a936da3e,
        type: 3}
      propertyPath: m_textInfo.characterCount
      value: 6
      objectReference: {fileID: 0}
    - target: {fileID: 7856938499889763476, guid: 829a891027f81f54fb33ba21a936da3e,
        type: 3}
      propertyPath: m_textInfo.wordCount
      value: 1
      objectReference: {fileID: 0}
    - target: {fileID: 7856938499889763476, guid: 829a891027f81f54fb33ba21a936da3e,
        type: 3}
      propertyPath: m_textInfo.lineCount
      value: 1
      objectReference: {fileID: 0}
    - target: {fileID: 7856938499889763476, guid: 829a891027f81f54fb33ba21a936da3e,
        type: 3}
      propertyPath: m_textInfo.pageCount
      value: 1
      objectReference: {fileID: 0}
    m_RemovedComponents: []
  m_SourcePrefab: {fileID: 100100000, guid: 829a891027f81f54fb33ba21a936da3e, type: 3}
--- !u!1 &2253479319076798514 stripped
GameObject:
  m_CorrespondingSourceObject: {fileID: 5678713331326974784, guid: 829a891027f81f54fb33ba21a936da3e,
    type: 3}
  m_PrefabInstance: {fileID: 5875825530930461554}
  m_PrefabAsset: {fileID: 0}
--- !u!4 &5118480108555579807 stripped
Transform:
  m_CorrespondingSourceObject: {fileID: 1622244445503900397, guid: 829a891027f81f54fb33ba21a936da3e,
    type: 3}
  m_PrefabInstance: {fileID: 5875825530930461554}
  m_PrefabAsset: {fileID: 0}
--- !u!114 &7111284235713245580 stripped
MonoBehaviour:
  m_CorrespondingSourceObject: {fileID: 3691679995761134334, guid: 829a891027f81f54fb33ba21a936da3e,
    type: 3}
  m_PrefabInstance: {fileID: 5875825530930461554}
  m_PrefabAsset: {fileID: 0}
  m_GameObject: {fileID: 2253479319076798514}
  m_Enabled: 1
  m_EditorHideFlags: 0
  m_Script: {fileID: 11500000, guid: 41c9cf3470cf474438e529a3b54e5003, type: 3}
  m_Name: 
  m_EditorClassIdentifier: 
--- !u!1001 &7505511130899402975
PrefabInstance:
  m_ObjectHideFlags: 0
  serializedVersion: 2
  m_Modification:
    m_TransformParent: {fileID: 8081963055774646888}
    m_Modifications:
    - target: {fileID: 1883631852816677193, guid: c1e4966b35f1d6c49afd79fee4b48e90,
        type: 3}
      propertyPath: m_Name
      value: Action1
      objectReference: {fileID: 0}
    - target: {fileID: 1405191370010749279, guid: c1e4966b35f1d6c49afd79fee4b48e90,
        type: 3}
      propertyPath: m_LocalPosition.x
      value: 0
      objectReference: {fileID: 0}
    - target: {fileID: 1405191370010749279, guid: c1e4966b35f1d6c49afd79fee4b48e90,
        type: 3}
      propertyPath: m_LocalPosition.y
      value: 2.5
      objectReference: {fileID: 0}
    - target: {fileID: 1405191370010749279, guid: c1e4966b35f1d6c49afd79fee4b48e90,
        type: 3}
      propertyPath: m_LocalPosition.z
      value: 0
      objectReference: {fileID: 0}
    - target: {fileID: 1405191370010749279, guid: c1e4966b35f1d6c49afd79fee4b48e90,
        type: 3}
      propertyPath: m_LocalRotation.x
      value: 0
      objectReference: {fileID: 0}
    - target: {fileID: 1405191370010749279, guid: c1e4966b35f1d6c49afd79fee4b48e90,
        type: 3}
      propertyPath: m_LocalRotation.y
      value: 0
      objectReference: {fileID: 0}
    - target: {fileID: 1405191370010749279, guid: c1e4966b35f1d6c49afd79fee4b48e90,
        type: 3}
      propertyPath: m_LocalRotation.z
      value: 0
      objectReference: {fileID: 0}
    - target: {fileID: 1405191370010749279, guid: c1e4966b35f1d6c49afd79fee4b48e90,
        type: 3}
      propertyPath: m_LocalRotation.w
      value: 1
      objectReference: {fileID: 0}
    - target: {fileID: 1405191370010749279, guid: c1e4966b35f1d6c49afd79fee4b48e90,
        type: 3}
      propertyPath: m_RootOrder
      value: 1
      objectReference: {fileID: 0}
    - target: {fileID: 1405191370010749279, guid: c1e4966b35f1d6c49afd79fee4b48e90,
        type: 3}
      propertyPath: m_LocalEulerAnglesHint.x
      value: 0
      objectReference: {fileID: 0}
    - target: {fileID: 1405191370010749279, guid: c1e4966b35f1d6c49afd79fee4b48e90,
        type: 3}
      propertyPath: m_LocalEulerAnglesHint.y
      value: 0
      objectReference: {fileID: 0}
    - target: {fileID: 1405191370010749279, guid: c1e4966b35f1d6c49afd79fee4b48e90,
        type: 3}
      propertyPath: m_LocalEulerAnglesHint.z
      value: 0
      objectReference: {fileID: 0}
    - target: {fileID: 63319890891122654, guid: c1e4966b35f1d6c49afd79fee4b48e90,
        type: 3}
      propertyPath: m_Sprite
      value: 
      objectReference: {fileID: 21300000, guid: 2ae86f16aa79c1f47bea514ef2b9c988,
        type: 3}
    - target: {fileID: 63319890891122654, guid: c1e4966b35f1d6c49afd79fee4b48e90,
        type: 3}
      propertyPath: m_Size.x
      value: 4
      objectReference: {fileID: 0}
    - target: {fileID: 63319890891122654, guid: c1e4966b35f1d6c49afd79fee4b48e90,
        type: 3}
      propertyPath: m_WasSpriteAssigned
      value: 1
      objectReference: {fileID: 0}
    - target: {fileID: 9201332614634539187, guid: c1e4966b35f1d6c49afd79fee4b48e90,
        type: 3}
      propertyPath: m_Delegates.Array.data[0].callback.m_PersistentCalls.m_Calls.Array.data[0].m_Target
      value: 
      objectReference: {fileID: 3001672697075463896}
    - target: {fileID: 9201332614634539187, guid: c1e4966b35f1d6c49afd79fee4b48e90,
        type: 3}
      propertyPath: m_Delegates.Array.data[0].callback.m_PersistentCalls.m_Calls.Array.data[0].m_MethodName
      value: DoAction
      objectReference: {fileID: 0}
    - target: {fileID: 9201332614634539187, guid: c1e4966b35f1d6c49afd79fee4b48e90,
        type: 3}
      propertyPath: m_Delegates.Array.data[0].callback.m_PersistentCalls.m_Calls.Array.data[0].m_Arguments.m_ObjectArgumentAssemblyTypeName
      value: UnityEngine.Object, UnityEngine
      objectReference: {fileID: 0}
    - target: {fileID: 4114263036757840330, guid: c1e4966b35f1d6c49afd79fee4b48e90,
        type: 3}
      propertyPath: m_SpriteTilingProperty.pivot.x
      value: 0.5
      objectReference: {fileID: 0}
    - target: {fileID: 4114263036757840330, guid: c1e4966b35f1d6c49afd79fee4b48e90,
        type: 3}
      propertyPath: m_SpriteTilingProperty.pivot.y
      value: 0.5
      objectReference: {fileID: 0}
    - target: {fileID: 4114263036757840330, guid: c1e4966b35f1d6c49afd79fee4b48e90,
        type: 3}
      propertyPath: m_SpriteTilingProperty.oldSize.x
      value: 4
      objectReference: {fileID: 0}
    - target: {fileID: 4114263036757840330, guid: c1e4966b35f1d6c49afd79fee4b48e90,
        type: 3}
      propertyPath: m_SpriteTilingProperty.oldSize.y
      value: 1
      objectReference: {fileID: 0}
    - target: {fileID: 4114263036757840330, guid: c1e4966b35f1d6c49afd79fee4b48e90,
        type: 3}
      propertyPath: m_SpriteTilingProperty.newSize.x
      value: 4
      objectReference: {fileID: 0}
    - target: {fileID: 4114263036757840330, guid: c1e4966b35f1d6c49afd79fee4b48e90,
        type: 3}
      propertyPath: m_SpriteTilingProperty.newSize.y
      value: 1
      objectReference: {fileID: 0}
    - target: {fileID: 4114263036757840330, guid: c1e4966b35f1d6c49afd79fee4b48e90,
        type: 3}
      propertyPath: m_SpriteTilingProperty.adaptiveTilingThreshold
      value: 0.5
      objectReference: {fileID: 0}
    - target: {fileID: 1139780440630930557, guid: c1e4966b35f1d6c49afd79fee4b48e90,
        type: 3}
      propertyPath: m_fontColor32.rgba
      value: 4279440221
      objectReference: {fileID: 0}
    - target: {fileID: 4539931892468494830, guid: c1e4966b35f1d6c49afd79fee4b48e90,
        type: 3}
      propertyPath: m_SortingOrder
      value: 2
      objectReference: {fileID: 0}
    m_RemovedComponents: []
  m_SourcePrefab: {fileID: 100100000, guid: c1e4966b35f1d6c49afd79fee4b48e90, type: 3}
--- !u!114 &3001672697075463896 stripped
MonoBehaviour:
  m_CorrespondingSourceObject: {fileID: 4720049424537232903, guid: c1e4966b35f1d6c49afd79fee4b48e90,
    type: 3}
  m_PrefabInstance: {fileID: 7505511130899402975}
  m_PrefabAsset: {fileID: 0}
  m_GameObject: {fileID: 8218206938773612950}
  m_Enabled: 1
  m_EditorHideFlags: 0
  m_Script: {fileID: 11500000, guid: 67549d5268b5b064aa9ff9ccd85c501a, type: 3}
  m_Name: 
  m_EditorClassIdentifier: 
--- !u!4 &8910601113813694848 stripped
Transform:
  m_CorrespondingSourceObject: {fileID: 1405191370010749279, guid: c1e4966b35f1d6c49afd79fee4b48e90,
    type: 3}
  m_PrefabInstance: {fileID: 7505511130899402975}
  m_PrefabAsset: {fileID: 0}
--- !u!1 &8218206938773612950 stripped
GameObject:
  m_CorrespondingSourceObject: {fileID: 1883631852816677193, guid: c1e4966b35f1d6c49afd79fee4b48e90,
    type: 3}
  m_PrefabInstance: {fileID: 7505511130899402975}
  m_PrefabAsset: {fileID: 0}
--- !u!1001 &7819067958273179749
PrefabInstance:
  m_ObjectHideFlags: 0
  serializedVersion: 2
  m_Modification:
    m_TransformParent: {fileID: 6923176990564497174}
    m_Modifications:
    - target: {fileID: 1349814681409902823, guid: d9d9a6031f232ea4683251f75bfe2a2b,
        type: 3}
      propertyPath: m_Name
      value: Panda
      objectReference: {fileID: 0}
    - target: {fileID: 6376621619244681674, guid: d9d9a6031f232ea4683251f75bfe2a2b,
        type: 3}
      propertyPath: m_LocalPosition.x
      value: -0.09981814
      objectReference: {fileID: 0}
    - target: {fileID: 6376621619244681674, guid: d9d9a6031f232ea4683251f75bfe2a2b,
        type: 3}
      propertyPath: m_LocalPosition.y
      value: -0.2604077
      objectReference: {fileID: 0}
    - target: {fileID: 6376621619244681674, guid: d9d9a6031f232ea4683251f75bfe2a2b,
        type: 3}
      propertyPath: m_LocalPosition.z
      value: 44.888863
      objectReference: {fileID: 0}
    - target: {fileID: 6376621619244681674, guid: d9d9a6031f232ea4683251f75bfe2a2b,
        type: 3}
      propertyPath: m_LocalRotation.x
      value: -0
      objectReference: {fileID: 0}
    - target: {fileID: 6376621619244681674, guid: d9d9a6031f232ea4683251f75bfe2a2b,
        type: 3}
      propertyPath: m_LocalRotation.y
      value: -0
      objectReference: {fileID: 0}
    - target: {fileID: 6376621619244681674, guid: d9d9a6031f232ea4683251f75bfe2a2b,
        type: 3}
      propertyPath: m_LocalRotation.z
      value: -0
      objectReference: {fileID: 0}
    - target: {fileID: 6376621619244681674, guid: d9d9a6031f232ea4683251f75bfe2a2b,
        type: 3}
      propertyPath: m_LocalRotation.w
      value: 1
      objectReference: {fileID: 0}
    - target: {fileID: 6376621619244681674, guid: d9d9a6031f232ea4683251f75bfe2a2b,
        type: 3}
      propertyPath: m_RootOrder
      value: 0
      objectReference: {fileID: 0}
    - target: {fileID: 6376621619244681674, guid: d9d9a6031f232ea4683251f75bfe2a2b,
        type: 3}
      propertyPath: m_LocalEulerAnglesHint.x
      value: 0
      objectReference: {fileID: 0}
    - target: {fileID: 6376621619244681674, guid: d9d9a6031f232ea4683251f75bfe2a2b,
        type: 3}
      propertyPath: m_LocalEulerAnglesHint.y
      value: 0
      objectReference: {fileID: 0}
    - target: {fileID: 6376621619244681674, guid: d9d9a6031f232ea4683251f75bfe2a2b,
        type: 3}
      propertyPath: m_LocalEulerAnglesHint.z
      value: 0
      objectReference: {fileID: 0}
    m_RemovedComponents: []
  m_SourcePrefab: {fileID: 100100000, guid: d9d9a6031f232ea4683251f75bfe2a2b, type: 3}
--- !u!4 &3818110694547835311 stripped
Transform:
  m_CorrespondingSourceObject: {fileID: 6376621619244681674, guid: d9d9a6031f232ea4683251f75bfe2a2b,
    type: 3}
  m_PrefabInstance: {fileID: 7819067958273179749}
  m_PrefabAsset: {fileID: 0}
